<?xml version="1.0" encoding="UTF-8"?><collection xmlns="http://www.loc.gov/MARC21/slim"><record><leader>00602nam--2200217-u-4500</leader><controlfield tag="001">000050461</controlfield><controlfield tag="002">20161230</controlfield><controlfield tag="003">81855</controlfield><controlfield tag="005">20161230201048</controlfield><controlfield tag="008">070323s1000------------r-----000-0-eng-d</controlfield><datafield ind1=" " ind2=" " tag="020"><subfield code="a">3-540-66913-2</subfield></datafield><datafield ind1=" " ind2=" " tag="040"><subfield code="a">IFIN-HH</subfield></datafield><datafield ind1=" " ind2=" " tag="041"><subfield code="a">eng</subfield></datafield><datafield ind1="1" ind2=" " tag="100"><subfield code="a">Engquist,Bjorn and Schmid,Wilfried</subfield></datafield><datafield ind1="1" ind2="0" tag="245"><subfield code="a">Mathematics Unlimited 2001 and Beyond</subfield></datafield><datafield ind1=" " ind2=" " tag="260"><subfield code="a">Berlin</subfield><subfield code="b">Springer-Verlag</subfield><subfield code="c">2001</subfield></datafield><datafield ind1=" " ind2=" " tag="300"><subfield code="a">1237 p</subfield></datafield><datafield ind1=" " ind2=" " tag="504"><subfield code="a">With 179 Figures Including 95 in Colour 91 Portraits and II Tables</subfield></datafield><datafield ind1=" " ind2="4" tag="650"><subfield code="a">Nonlinear Continuum Physics</subfield></datafield><datafield ind1=" " ind2=" " tag="852"><subfield code="a">81855</subfield></datafield><datafield ind1=" " ind2=" " tag="CAT"><subfield code="a">Sys</subfield><subfield code="c">20070323</subfield><subfield code="h">085752</subfield></datafield></record></collection>